@inproceedings{Sundell:2011:LAC:1989493.1989550,
 author = {Sundell, H{\aa}kan and Gidenstam, Anders and Papatriantafilou, Marina and Tsigas, Philippas},
 title = {A lock-free algorithm for concurrent bags},
 booktitle = {Proceedings of the 23rd ACM symposium on Parallelism in algorithms and architectures},
 series = {SPAA '11},
 year = {2011},
 pages = {335--344},
} 

@inproceedings{Arora:1998:TSM:277651.277678,
 author = {Arora, Nimar S. and Blumofe, Robert D. and Plaxton, C. Greg},
 title = {Thread scheduling for multiprogrammed multiprocessors},
 booktitle = {Proceedings of the tenth annual ACM symposium on Parallel algorithms and architectures},
 series = {SPAA '98},
 year = {1998},
 pages = {119--129},

} 

@inproceedings{Hendler:2002:NSW:571825.571876,
 author = {Hendler, Danny and Shavit, Nir},
 title = {Non-blocking steal-half work queues},
 booktitle = {Proceedings of the twenty-first annual symposium on Principles of distributed computing},
 series = {PODC '02},
 year = {2002},
 pages = {280--289},
} 

@article{Hendler:2006:DNW:1160290.1160294,
 author = {Hendler, Danny and Lev, Yossi and Moir, Mark and Shavit, Nir},
 title = {A dynamic-sized nonblocking work stealing deque},
 journal = {Distrib. Comput.},
 volume = {18},
 issue = {3},
 month = {February},
 year = {2006},
 pages = {189--207},
} 


@article{Michael:2004:HPS:987524.987595,
 author = {Michael, Maged M.},
 title = {Hazard Pointers: Safe Memory Reclamation for Lock-Free Objects},
 journal = {IEEE Trans. Parallel Distrib. Syst.},
 volume = {15},
 issue = {6},
 month = {June},
 year = {2004},
 pages = {491--504},
} 

@inproceedings{Hoffman:2007:BQ:1782394.1782423,
 author = {Hoffman, Moshe and Shalev, Ori and Shavit, Nir},
 title = {The baskets queue},
 booktitle = {Proceedings of the 11th international conference on Principles of distributed systems},
 series = {OPODIS'07},
 year = {2007},
 pages = {401--414},
}

@inproceedings{Afek:2010:SPP:1885276.1885295,
 author = {Afek, Yehuda and Korland, Guy and Natanzon, Maria and Shavit, Nir},
 title = {Scalable producer-consumer pools based on elimination-diffraction trees},
 booktitle = {Proceedings of the 16th international Euro-Par conference on Parallel processing: Part II},
 series = {Euro-Par'10},
 year = {2010},
 location = {Ischia, Italy},
 pages = {151--162},
} 

@inproceedings{Gidenstam:2010:CLQ:1940234.1940266,
 author = {Gidenstam, Anders and Sundell, H{\aa}kan and Tsigas, Philippas},
 title = {Cache-aware lock-free queues for multiple producers/consumers and weak memory consistency},
 booktitle = {Proceedings of the 14th international conference on Principles of distributed systems},
 series = {OPODIS'10},
 year = {2010},
 pages = {302--317},
} 

@inproceedings{Michael:1996:SFP:248052.248106,
 author = {Michael, Maged M. and Scott, Michael L.},
 title = {Simple, fast, and practical non-blocking and blocking concurrent queue algorithms},
 booktitle = {Proceedings of the fifteenth annual ACM symposium on Principles of distributed computing},
 series = {PODC '96},
 year = {1996},
 pages = {267--275},
} 

@inproceedings{Moir:2005:UEI:1073970.1074013,
 author = {Moir, Mark and Nussbaum, Daniel and Shalev, Ori and Shavit, Nir},
 title = {Using elimination to implement scalable and lock-free FIFO queues},
 booktitle = {Proceedings of the seventeenth annual ACM symposium on Parallelism in algorithms and
architectures},
 series = {SPAA '05},
 year = {2005},
 pages = {253--262},
} 

@inproceedings{Hendler:2004:SLS:1007912.1007944,
 author = {Hendler, Danny and Shavit, Nir and Yerushalmi, Lena},
 title = {A scalable lock-free stack algorithm},
 booktitle = {Proceedings of the sixteenth annual ACM symposium on Parallelism in algorithms and
architectures},
 series = {SPAA '04},
 year = {2004},
 pages = {206--215},
} 

@inproceedings{Braginsky:2011:LLL:1946143.1946153,
 author = {Braginsky, Anastasia and Petrank, Erez},
 title = {Locality-conscious lock-free linked lists},
 booktitle = {Proceedings of the 12th international conference on Distributed computing and
networking},
 series = {ICDCN'11},
 year = {2011},
 pages = {107--118},
} 

@inproceedings{Basin:2011:CST:2075029.2075087,
 author = {Basin, Dmitry and Fan, Rui and Keidar, Idit and Kiselov, Ofer and Perelman, Dmitri},
 title = {CAF\'E: scalable task pools with adjustable fairness and contention},
 booktitle = {Proceedings of the 25th international conference on Distributed computing},
 series = {DISC'11},
 year = {2011},
 pages = {475--488},
} 

@incollection {springerlink:10.1007/978-3-642-17653-1_29,
   author = {Afek, Yehuda and Korland, Guy and Yanovsky, Eitan},
   affiliation = {Computer Science Department, Tel-Aviv University, Israel},
   title = {Quasi-Linearizability: Relaxed Consistency for Improved Concurrency},
   booktitle = {Principles of Distributed Systems},
   series = {Lecture Notes in Computer Science},
   pages = {395-410},
}

@inproceedings{Halstead:1984:IML:800055.802017,
 author = {Halstead,Jr., Robert H.},
 title = {Implementation of multilisp: Lisp on a multiprocessor},
 booktitle = {Proceedings of the 1984 ACM Symposium on LISP and functional programming},
 series = {LFP '84},
 year = {1984},
 pages = {9--17},
} 

@article{Blumofe:1999:SMC:324133.324234,
 author = {Blumofe, Robert D. and Leiserson, Charles E.},
 title = {Scheduling multithreaded computations by work stealing},
 journal = {J. ACM},
 volume = {46},
 issue = {5},
 month = {September},
 year = {1999},
 pages = {720--748},
} 

@MastersThesis{Basin:Thesis:2011,
 author = {Dmitry Basin},
 title = {CAF\'E: Scalable Task Pools with Adjustable Fairness and Contention},
 school = {Technion},
 year = {2011},
}

@electronic{citeulike:4951109,
    author = {Evans, Jason},
    keywords = {memory},
    posted-at = {2009-06-25 06:08:30},
    priority = {2},
    title = {{A Scalable Concurrent malloc(3) Implementation for FreeBSD}},
    url = {http://citeseerx.ist.psu.edu/viewdoc/summary?doi=10.1.1.61.87},
    year = {2006}
}

@inproceedings{Blagodurov:2011:CNC:2002181.2002182,
 author = {Blagodurov, Sergey and Zhuravlev, Sergey and Dashti, Mohammad and Fedorova, Alexandra},
 title = {A case for NUMA-aware contention management on multicore systems},
 booktitle = {Proceedings of the 2011 USENIX conference on USENIX annual technical conference},
 series = {USENIXATC'11},
 year = {2011},
} 

@inproceedings{Dice:2011:FNL:1989493.1989502,
 author = {Dice, Dave and Marathe, Virendra J. and Shavit, Nir},
 title = {Flat-combining NUMA locks},
 booktitle = {Proceedings of the 23rd ACM symposium on Parallelism in algorithms and architectures},
 series = {SPAA '11},
 year = {2011},
} 
